<record><leader>00000cas a22000007a 4500</leader><controlfield tag="001">24864315</controlfield><controlfield tag="008">911127d18991909ncuwr ne      0    0eng d</controlfield><datafield ind1=" " ind2=" " tag="010"><subfield code="a">sn 91068746 </subfield></datafield><datafield ind1=" " ind2=" " tag="040"><subfield code="a">NVJ</subfield><subfield code="b">eng</subfield><subfield code="c">NVJ</subfield><subfield code="d">OCLCQ</subfield></datafield><datafield ind1=" " ind2=" " tag="042"><subfield code="a">msc</subfield></datafield><datafield ind1="0" ind2=" " tag="130"><subfield code="a">Anglo-Saxon (Rockingham, N.C.)</subfield></datafield><datafield ind1="1" ind2="4" tag="245"><subfield code="a">The Anglo-Saxon.</subfield></datafield><datafield ind1=" " ind2=" " tag="260"><subfield code="a">Rockingham, N.C. :</subfield><subfield code="b">Anglo-Saxon Pub. Co.</subfield></datafield><datafield ind1=" " ind2=" " tag="300"><subfield code="a">v.</subfield></datafield><datafield ind1=" " ind2=" " tag="310"><subfield code="a">Weekly</subfield></datafield><datafield ind1="1" ind2=" " tag="362"><subfield code="a">Began in 1899; ceased in 1909.</subfield></datafield><datafield ind1=" " ind2=" " tag="515"><subfield code="a">June 1, 1899-July 16, 1903 issued as Old series v. 17, no. 20 = New series v. 1, no. 4-Old series v. 17, no. 23 = New series v. 5, no. 9.</subfield></datafield><datafield ind1=" " ind2=" " tag="515"><subfield code="a">Issues for July 23, 1903- called v. 5, no. 10-</subfield></datafield><datafield ind1=" " ind2=" " tag="588"><subfield code="a">Description based on: May 18, 1899.</subfield></datafield><datafield ind1=" " ind2=" " tag="752"><subfield code="a">United States</subfield><subfield code="b">North Carolina</subfield><subfield code="c">Richmond</subfield><subfield code="d">Rockingham.</subfield></datafield><datafield ind1="0" ind2="0" tag="780"><subfield code="t">Rockingham rocket (Rockingham, N.C. : 1897)</subfield><subfield code="w">(DLC)sn 91068745</subfield></datafield><datafield ind1="0" ind2="4" tag="785"><subfield code="t">Post (Rockingham, N.C.)</subfield><subfield code="w">(DLC)sn 92074079</subfield></datafield></record>